Untuk setiap referensi, baris pertama (Newton1687) merupakan label dan baris-baris berikutnya
merupakan atribut dari referensi yang akan digunakan. Umumnya, format referensi berikut sudah
disediakan oleh penyedia sumber referensi secara online dan bisa langsung digunakan di sini.

Lihat https://www.bibtex.com/g/bibtex-format/ untuk informasi lebih lanjut mengenai format
BibTex yang digunakan pada file ini.

@article{Newton1687,
  author={I. {Newton}},
  journal={Philosophi√¶ Naturalis Principia Mathematica},
  title={Axioms or Laws of Motion},
  year={1687}}

@mastersthesis{Abdillah2022,
	author          = {Ahmad Haris {Abdillah}},
  school          = {Institut Teknologi Sepuluh Nopember Surabaya},
	journal         = {},
  number          = {},
	title           = {Rancang Bangun Anemometer Ultrasonik dalam Ruangan},
  volume          = {},
	year            = {2022}
}

@article{Cahyolaksono2022,
  author          = {Radiktya Dewanto {Cahyolaksono}},
  school          = {Institut Teknologi Sepuluh Nopember Surabaya},
  journal         = {},
  number          = {},
  title           = {Rancang Bangun Thermal-Based Anemometer dan Arah Angin untuk Aliran Udara Rendah},
  volume          = {},
  year            = {2022}
}

@article{Panjaitan2018,
  author          = {Paulus Parlindungan {Panjaitan}},
  school          = {Institut Teknologi Sepuluh Nopember Surabaya},
  journal         = {},
  number          = {},
  title           = {Sistem Pendeteksi Arah Angin Menggunakan Hot-Wire Anemometer},
  volume          = {},
  year            = {2018}
}

@article{Perdana2022,
  author          = {Muhammad Dava Surya {Perdana}},
  school          = {Institut Teknologi Sepuluh Nopember Surabaya},
  journal         = {},
  number          = {},
  title           = {Simulator Sensor Pengukur Jarak Berbasis Ultrasonic dan Infrared 
  Menggunakan Kendali Jarak Jauh Dilengkapi Webcam Berbasis Web Interface},
  volume          = {},
  year            = {2022}
}

@article{jakevivcius2005influence,
  title={The influence of flattened flow profiles to the airflow velocity measurement by ultrasound},
  author={Jakevi{\v{c}}ius, L and Butkus, J and Janu{\v{s}}as, V and Ilgarubis, V},
  journal={Ultragarsas/Ultrasound},
  volume={57},
  number={4},
  pages={18--21},
  year={2005}
}

@inproceedings{kuncara2020development,
  title={Development of Ultrasonic Anemometer Using HC-SR04 with Kalman Filter Based on Microcontroller Integrated IoT},
  author={Kuncara, Ivan Adi and Suseno, Jatmiko Endro and Agus, Setyawan and Gunadi, Isnain},
  booktitle={E3S Web of Conferences},
  volume={202},
  pages={15011},
  year={2020},
  organization={EDP Sciences}
}

@misc{turgeon2022wind,
  author       = {Andrew {Turgeon}, Elizabeth Morse},
  title        = {Wind},
  year         = {2022},
  url          = {https://education.nationalgeographic.org/resource/wind},
  urldate      = {2022-12-22},
}

@misc{SpaceXBlueprint,
  title={Space X Blueprint},
  year=2021,
  url={https://id.pinterest.com/pin/344032859037191430/},
  urldate={2021-01-26}}

@article{yulkifli2016pengukuran,
  title={Pengukuran Tekanan Udara Menggunakan DT-Sense Barometric Presure Berbasis Sensor HP03},
  author={Yulkifli, Yulkifli and Asrizal, Asrizal and Ardi, Ruci},
  journal={Sainstek: Jurnal Sains dan Teknologi},
  volume={6},
  number={2},
  pages={110--115},
  year={2016}
}

@incollection{book2002wind,
  title={Wind energy and the plant engineer},
  author={Book, Tony},
  booktitle={Plant Engineer's Reference Book},
  pages={44--1},
  year={2002},
  publisher={Elsevier}
}

@misc{figCupAnemometer,
  title        = {Cup Counter Anemometer},
  year         = {2011},
  url          = {http://metkliminstrumen.blogspot.com/2011/08/cop-counter-anemometer.html},
  urldate      = {2022-12-22}
}

@misc{figWindmillAnemometer,
  title        = {Short range wireless pulse transmission in wind anemometer},
  year         = {2021},
  url          = {https://electronics.stackexchange.com/questions/338321/short-range-wireless-pulse-transmission-in-wind-anemometer},
  urldate      = {2022-12-22}
}

@dataset{figHotwireAnemometer,
author = {Hijikata, Takatoshi and Uozumi, Koichi and Tsukada, Takeshi and Koyama, Tadafumi and Ishikawa, Keiji and Ono, Shoichi and Suzuki, Shunichi and Denton, Mark and Raymont, John},
year = {2015},
month = {11},
pages = {},
title = {JNST zeolite 4}
}

@article{article,
author = {Zhmud, Vadim and Kondratiev, N and Kuznetsov, K and Trubin, V and Dimitrov, Lubomir},
year = {2018},
month = {05},
pages = {032189},
title = {Application of ultrasonic sensor for measuring distances in robotics},
volume = {1015},
journal = {Journal of Physics: Conference Series},
doi = {10.1088/1742-6596/1015/3/032189}
}

@book{halliday2010physics,
  title={Physics, Volume 2},
  author={Halliday, David and Resnick, Robert and Krane, Kenneth S},
  year={2010},
  publisher={John Wiley \& Sons}
}

@book{still2010high,
  title={High frequency acoustics in colloid-based meso-and nanostructures by spontaneous Brillouin light scattering},
  author={Still, Tim},
  year={2010},
  publisher={Springer Science \& Business Media}
}

@misc{figGelombangAkustik,
  title        = {Mengenal Gelombang},
  year         = {2010},
  url          = {https://www.abihamid.com/2010/07/mengenal-gelombang.html},
  urldate      = {2022-12-22}
}

@article{thothadri2021analysis,
  title={An Analysis on Clock Speeds in Raspberry Pi Pico and Arduino Uno Microcontrollers},
  author={Thothadri, Madhavan},
  journal={American Journal of Engineering and Technology Management},
  volume={6},
  number={3},
  pages={41--46},
  year={2021},
  publisher={Science Publishing Group}
}

@misc{figPicoPinout,
  title        = {Pi Pico Pinout and Power Pins},
  year         = {2021},
  url          = {https://www.raspberrypi-spy.co.uk/2021/01/pi-pico-pinout-and-power-pins/},
  urldate      = {2022-12-22}
}

@inproceedings{del2007low,
  title={Low cost ultrasonic anemometer},
  author={del Valle, Miguel Perez and Castelan, Jose Antonio Urbano and Matsumoto, Yasuhiro and Mateos, Raul Cortes},
  booktitle={2007 4th International Conference on Electrical and Electronics Engineering},
  pages={213--216},
  year={2007},
  organization={IEEE}
}

% @misc{key,
%   title        = {},
%   year         = {},
%   url          = {},
%   urldate      = {}
% }